@Misc{oct,
  OPTkey = 	 {},
  author = 	 {},
  title = 	 {Octave documentation :},
  howpublished = {\url{https://octave.sourceforge.io/functions\_by\_package.php}},
  OPTmonth = 	 {},
  year = 	 {},
  note = 	 {},
  OPTannote = 	 {}
}


@Misc{wind,
  OPTkey = 	 {},
  author = 	 {},
  title = 	 {Signal window reference : },
  howpublished = {\url{https://en.wikipedia.org/wiki/Window\_function}},
  OPTmonth = 	 {},
  year = 	 {},
  note = 	 {},
  OPTannote = 	 {}
}

}

@Misc{matdoc,
  OPTkey = 	 {},
  author = 	 {},
  title = 	 {MATLAB Signal Processing toolbox documentation},
  howpublished = {\url{https://in.mathworks.com/help/signal/}},
  OPTmonth = 	 {},
  year = 	 {},
  note = 	 {},
  OPTannote = 	 {}
}
